%YAML 1.1
%TAG !u! tag:unity3d.com,2011:
--- !u!244 &-6223459566798520891
AudioMixerEffectController:
  m_ObjectHideFlags: 3
  m_CorrespondingSourceObject: {fileID: 0}
  m_PrefabInstance: {fileID: 0}
  m_PrefabAsset: {fileID: 0}
  m_Name: 
  m_EffectID: 1b6a7d47eb721834fb33e9c716e4545b
  m_EffectName: Attenuation
  m_MixLevel: a6847594665bd06459aaab97cb439623
  m_Parameters: []
  m_SendTarget: {fileID: 0}
  m_EnableWetMix: 0
  m_Bypass: 0
--- !u!244 &-5873974954143363263
AudioMixerEffectController:
  m_ObjectHideFlags: 3
  m_CorrespondingSourceObject: {fileID: 0}
  m_PrefabInstance: {fileID: 0}
  m_PrefabAsset: {fileID: 0}
  m_Name: 
  m_EffectID: c9279a68952a33e4e88b94739700f07a
  m_EffectName: Attenuation
  m_MixLevel: ac010e50a319ad94e9af2abecff32934
  m_Parameters: []
  m_SendTarget: {fileID: 0}
  m_EnableWetMix: 0
  m_Bypass: 0
--- !u!243 &-3422915525538010832
AudioMixerGroupController:
  m_ObjectHideFlags: 0
  m_CorrespondingSourceObject: {fileID: 0}
  m_PrefabInstance: {fileID: 0}
  m_PrefabAsset: {fileID: 0}
  m_Name: LouderSFX
  m_AudioMixer: {fileID: 24100000}
  m_GroupID: cfaff3b2f485d2f4b98e375486009d87
  m_Children: []
  m_Volume: 132dcfbcb5b8be84fa9ff1010b211e33
  m_Pitch: 22214bbd0a5b9be4c8fdfebd7caa94ed
  m_Send: 00000000000000000000000000000000
  m_Effects:
  - {fileID: -6223459566798520891}
  m_UserColorIndex: 0
  m_Mute: 0
  m_Solo: 0
  m_BypassEffects: 0
--- !u!243 &-3343346244124658526
AudioMixerGroupController:
  m_ObjectHideFlags: 0
  m_CorrespondingSourceObject: {fileID: 0}
  m_PrefabInstance: {fileID: 0}
  m_PrefabAsset: {fileID: 0}
  m_Name: BGM
  m_AudioMixer: {fileID: 24100000}
  m_GroupID: 4522de33d982e52409e1c321da36b3c5
  m_Children: []
  m_Volume: 0ffc3634396ab5744be97d21afdabe15
  m_Pitch: 864b65cc6f2f0b846823bcaea8bf02a0
  m_Send: 00000000000000000000000000000000
  m_Effects:
  - {fileID: -5873974954143363263}
  m_UserColorIndex: 0
  m_Mute: 0
  m_Solo: 0
  m_BypassEffects: 0
--- !u!243 &-1416631425445600489
AudioMixerGroupController:
  m_ObjectHideFlags: 0
  m_CorrespondingSourceObject: {fileID: 0}
  m_PrefabInstance: {fileID: 0}
  m_PrefabAsset: {fileID: 0}
  m_Name: SFX
  m_AudioMixer: {fileID: 24100000}
  m_GroupID: f221d65c9581b7b42908aa59258006d9
  m_Children: []
  m_Volume: 8ad66260b72398e45a0a92e482bd2e67
  m_Pitch: cccf1f72614578143af9c55e37f870aa
  m_Send: 00000000000000000000000000000000
  m_Effects:
  - {fileID: 1360498125832319245}
  m_UserColorIndex: 0
  m_Mute: 0
  m_Solo: 0
  m_BypassEffects: 0
--- !u!241 &24100000
AudioMixerController:
  m_ObjectHideFlags: 0
  m_CorrespondingSourceObject: {fileID: 0}
  m_PrefabInstance: {fileID: 0}
  m_PrefabAsset: {fileID: 0}
  m_Name: MasterMixer
  m_OutputGroup: {fileID: 0}
  m_MasterGroup: {fileID: 24300002}
  m_Snapshots:
  - {fileID: 24500006}
  m_StartSnapshot: {fileID: 24500006}
  m_SuspendThreshold: -80
  m_EnableSuspend: 1
  m_UpdateMode: 0
  m_ExposedParameters: []
  m_AudioMixerGroupViews:
  - guids:
    - 37af714d1d27ce4458a88226c1efd05e
    - 4522de33d982e52409e1c321da36b3c5
    - f221d65c9581b7b42908aa59258006d9
    - cfaff3b2f485d2f4b98e375486009d87
    name: View
  m_CurrentViewIndex: 0
  m_TargetSnapshot: {fileID: 24500006}
--- !u!243 &24300002
AudioMixerGroupController:
  m_ObjectHideFlags: 0
  m_CorrespondingSourceObject: {fileID: 0}
  m_PrefabInstance: {fileID: 0}
  m_PrefabAsset: {fileID: 0}
  m_Name: Master
  m_AudioMixer: {fileID: 24100000}
  m_GroupID: 37af714d1d27ce4458a88226c1efd05e
  m_Children:
  - {fileID: -1416631425445600489}
  - {fileID: -3343346244124658526}
  - {fileID: -3422915525538010832}
  m_Volume: 770d4b99cb0b2dc4681c144a67bebcbd
  m_Pitch: 10e88ade08a97a44c98d3ddda748a41f
  m_Send: 00000000000000000000000000000000
  m_Effects:
  - {fileID: 24400004}
  m_UserColorIndex: 0
  m_Mute: 0
  m_Solo: 0
  m_BypassEffects: 0
--- !u!244 &24400004
AudioMixerEffectController:
  m_ObjectHideFlags: 3
  m_CorrespondingSourceObject: {fileID: 0}
  m_PrefabInstance: {fileID: 0}
  m_PrefabAsset: {fileID: 0}
  m_Name: 
  m_EffectID: d574f2c8cc355dc4d8348ac0e0d706d9
  m_EffectName: Attenuation
  m_MixLevel: b59edd5f785032349a6bbeb37da2cbea
  m_Parameters: []
  m_SendTarget: {fileID: 0}
  m_EnableWetMix: 0
  m_Bypass: 0
--- !u!245 &24500006
AudioMixerSnapshotController:
  m_ObjectHideFlags: 0
  m_CorrespondingSourceObject: {fileID: 0}
  m_PrefabInstance: {fileID: 0}
  m_PrefabAsset: {fileID: 0}
  m_Name: Snapshot
  m_AudioMixer: {fileID: 24100000}
  m_SnapshotID: 586d1a3fa753f91439ff9feec4423b0f
  m_FloatValues:
    8ad66260b72398e45a0a92e482bd2e67: -9.833286
    0ffc3634396ab5744be97d21afdabe15: -14.221897
    132dcfbcb5b8be84fa9ff1010b211e33: -0.16685188
  m_TransitionOverrides: {}
--- !u!244 &1360498125832319245
AudioMixerEffectController:
  m_ObjectHideFlags: 3
  m_CorrespondingSourceObject: {fileID: 0}
  m_PrefabInstance: {fileID: 0}
  m_PrefabAsset: {fileID: 0}
  m_Name: 
  m_EffectID: 5b5420bb639feba4c8c0bb18fbef898c
  m_EffectName: Attenuation
  m_MixLevel: f5475f833e5c3924d88e18768a36b014
  m_Parameters: []
  m_SendTarget: {fileID: 0}
  m_EnableWetMix: 0
  m_Bypass: 0
